<?xml version="1.0" encoding="utf-8"?>
<record xmlns="http://www.loc.gov/MARC21/slim" xmlns:xsi="http://www.w3.org/2001/XMLSchema-instance" xsi:schemaLocation="http://www.loc.gov/MARC21/slim http://www.loc.gov/standards/marcxml/schema/MARC21slim.xsd">
	<leader>     nam a22     Mi 4500</leader>
	<controlfield tag="001">3071734</controlfield>
	<controlfield tag="003">NNC</controlfield>
	<controlfield tag="006">m        d        </controlfield>
	<controlfield tag="007">cr cn |||m|||a</controlfield>
	<controlfield tag="008">190509m18871905ua      o     000 0 ara d</controlfield>
	<datafield ind1=" " ind2=" " tag="040">
		<subfield code="a">ZYU</subfield>
		<subfield code="b">ara</subfield>
		<subfield code="e">rda</subfield>
		<subfield code="c">ZYU</subfield>
	</datafield>
	<datafield ind1="1" ind2=" " tag="100">
		<subfield code="6">880-01</subfield>
		<subfield code="a">Nābulusī, ʻAbd al-Ghanī ibn Ismāʻīl,</subfield>
		<subfield code="d">1641-1731.</subfield>
	</datafield>
	<datafield ind1="1" ind2="0" tag="240">
		<subfield code="6">880-02</subfield>
		<subfield code="a">Jawāhir al-nuṣūṣ fī ḥall kalimāt al-Fuṣūṣ</subfield>
	</datafield>
	<datafield ind1="1" ind2="0" tag="245">
		<subfield code="6">880-03</subfield>
		<subfield code="a">Sharḥ jawāhir al-nuṣūṣ fī ḥall kalimāt al-Fuṣūṣ /</subfield>
		<subfield code="c">li-ʻAbd al-Ghanī al-Nābulusī. Wa-bi-hāmishihi Sharḥ ʻAbd al-Raḥmān al-Jāmī ʻalá Fuṣūs al-ḥikam.</subfield>
	</datafield>
	<datafield ind1=" " ind2=" " tag="260">
		<subfield code="6">880-04</subfield>
		<subfield code="a">Miṣr :</subfield>
		<subfield code="b">Maṭbaʻat al-Zamān,</subfield>
		<subfield code="c">1304-1323 [1887-1905]</subfield>
	</datafield>
	<datafield ind1=" " ind2=" " tag="300">
		<subfield code="a">online resource (2 volumes in 1)</subfield>
	</datafield>
	<datafield ind1=" " ind2=" " tag="336">
		<subfield code="a">text</subfield>
		<subfield code="2">rdacontent</subfield>
	</datafield>
	<datafield ind1=" " ind2=" " tag="337">
		<subfield code="a">computer</subfield>
		<subfield code="2">rdamedia</subfield>
	</datafield>
	<datafield ind1=" " ind2=" " tag="338">
		<subfield code="a">online resource</subfield>
		<subfield code="2">rdacarrier</subfield>
	</datafield>
	<datafield ind1=" " ind2=" " tag="500">
		<subfield code="a">Commentaries on Ibn al-ʻArabī's Fuṣūs al-ḥikam.</subfield>
	</datafield>
	<datafield ind1=" " ind2=" " tag="500">
		<subfield code="a">Part of the Arabic Collections Online (ACO) project, contributed by Columbia University Libraries.</subfield>
	</datafield>
	<datafield ind1=" " ind2=" " tag="533">
		<subfield code="a">Electronic reproduction.</subfield>
		<subfield code="b">New York, N.Y. :</subfield>
		<subfield code="c">New York University,</subfield>
		<subfield code="d">2019.</subfield>
		<subfield code="5">NNU</subfield>
	</datafield>
	<datafield ind1=" " ind2="0" tag="650">
		<subfield code="a">Sufism</subfield>
		<subfield code="v">Early works to 1800.</subfield>
	</datafield>
	<datafield ind1="0" ind2="0" tag="600">
		<subfield code="6">880-05</subfield>
		<subfield code="a">Ibn al-ʻArabī,</subfield>
		<subfield code="d">1165-1240.</subfield>
		<subfield code="t">Fuṣūṣ al-ḥikam.</subfield>
	</datafield>
	<datafield ind1="0" ind2="7" tag="630">
		<subfield code="a">Fuṣūṣ al-ḥikam (Ibn al-ʻArabī)</subfield>
		<subfield code="2">fast</subfield>
		<subfield code="0">(OCoLC)fst01371634</subfield>
	</datafield>
	<datafield ind1=" " ind2="7" tag="650">
		<subfield code="a">Sufism.</subfield>
		<subfield code="2">fast</subfield>
		<subfield code="0">(OCoLC)fst01137257</subfield>
	</datafield>
	<datafield ind1=" " ind2="7" tag="655">
		<subfield code="a">Early works.</subfield>
		<subfield code="2">fast</subfield>
		<subfield code="0">(OCoLC)fst01411636</subfield>
	</datafield>
	<datafield ind1="0" ind2="2" tag="700">
		<subfield code="6">880-06</subfield>
		<subfield code="a">Ibn al-ʻArabī,</subfield>
		<subfield code="d">1165-1240.</subfield>
		<subfield code="t">Fuṣūṣ al-ḥikam.</subfield>
	</datafield>
	<datafield ind1="0" ind2="2" tag="700">
		<subfield code="6">880-07</subfield>
		<subfield code="a">Jāmī,</subfield>
		<subfield code="d">1414-1492.</subfield>
		<subfield code="t">Sharḥ Fuṣūṣ al-ḥikam.</subfield>
	</datafield>
	<datafield ind1="2" ind2=" " tag="710">
		<subfield code="a">Columbia University.</subfield>
		<subfield code="b">Libraries.</subfield>
	</datafield>
	<datafield ind1="0" ind2=" " tag="730">
		<subfield code="a">Arabic Collections Online.</subfield>
	</datafield>
	<datafield ind1="0" ind2="8" tag="776">
		<subfield code="i">Print version:</subfield>
		<subfield code="a">Nābulusī, ʻAbd al-Ghanī ibn Ismāʻīl, 1641-1731.</subfield>
		<subfield code="t">Sharḥ jawāhir al-nuṣūṣ fī ḥall kalimāt al-Fuṣūṣ</subfield>
		<subfield code="w">(NNC)3071734</subfield>
		<subfield code="w">(OCoLC)863300746</subfield>
	</datafield>
	<datafield ind1="4" ind2="0" tag="856">
		<subfield code="u">http://hdl.handle.net/2333.1/1g1jx22v</subfield>
	</datafield>
	<datafield ind1="1" ind2=" " tag="880">
		<subfield code="6">100-01</subfield>
		<subfield code="a">نابلسي، عبد الغني بن إسماعيل.</subfield>
	</datafield>
	<datafield ind1="1" ind2="0" tag="880">
		<subfield code="6">240-02</subfield>
		<subfield code="a">جواهر النصوص في حل كلمات الفصوص</subfield>
	</datafield>
	<datafield ind1="1" ind2="0" tag="880">
		<subfield code="6">245-03</subfield>
		<subfield code="a">شرح جواهر النصوص في حل كلمات الفصوص /</subfield>
		<subfield code="c">لعبد الغني النابلسي. وبهامشه شرح عبد الرحمن الجامي على فصوص الحكم.</subfield>
	</datafield>
	<datafield ind1=" " ind2=" " tag="880">
		<subfield code="6">260-04</subfield>
		<subfield code="a">مصر :</subfield>
		<subfield code="b">مطبعة الزمان،</subfield>
		<subfield code="c">٤٠٣١-٣٢٣١ [٧٨٨١-٥٠٩١]</subfield>
	</datafield>
	<datafield ind1="0" ind2="4" tag="880">
		<subfield code="6">600-05</subfield>
		<subfield code="a">ابن العربي.</subfield>
		<subfield code="t">فصوص الحكم.</subfield>
	</datafield>
	<datafield ind1="0" ind2="2" tag="880">
		<subfield code="6">700-06</subfield>
		<subfield code="a">ابن العربي.</subfield>
		<subfield code="t">فصوص الحكم.</subfield>
	</datafield>
	<datafield ind1="0" ind2="2" tag="880">
		<subfield code="6">700-07</subfield>
		<subfield code="a">جامي.</subfield>
		<subfield code="t">شرح فصوص الحكم.</subfield>
	</datafield>
	<datafield ind1=" " ind2=" " tag="959">
		<subfield code="a">NNU</subfield>
		<subfield code="b">WEB</subfield>
		<subfield code="c">GENI</subfield>
		<subfield code="t">0</subfield>
		<subfield code="m">Electronic access</subfield>
		<subfield code="s">01</subfield>
	</datafield>
	<datafield ind1=" " ind2=" " tag="999">
		<subfield code="i">NNC_3071734</subfield>
		<subfield code="o">(OCoLC)ocn863300746</subfield>
		<subfield code="s">columbia_aco003887</subfield>
		<subfield code="e">(ERROR-MISC)</subfield>
		<subfield code="s">columbia_aco003887</subfield>
	</datafield>
</record>
